<record><leader>00000cas a2200000 a 4500</leader><controlfield tag="001">11754158</controlfield><controlfield tag="008">850302d18811970vtuwr ne      0   a0eng d</controlfield><datafield ind1=" " ind2=" " tag="010"><subfield code="a">sn 85038102 </subfield></datafield><datafield ind1=" " ind2=" " tag="040"><subfield code="a">NPY</subfield><subfield code="b">eng</subfield><subfield code="c">NPY</subfield><subfield code="d">DLC</subfield><subfield code="d">NVH</subfield><subfield code="d">NVN</subfield><subfield code="d">OCLCQ</subfield><subfield code="d">OCLCF</subfield><subfield code="d">NVN</subfield><subfield code="d">DLC</subfield></datafield><datafield ind1="0" ind2=" " tag="022"><subfield code="a">2376-8835</subfield><subfield code="2">1</subfield></datafield><datafield ind1=" " ind2=" " tag="042"><subfield code="a">msc</subfield><subfield code="a">nsdp</subfield></datafield><datafield ind1=" " ind2=" " tag="043"><subfield code="a">n-us-vt</subfield></datafield><datafield ind1="0" ind2="0" tag="050"><subfield code="a">Newspaper</subfield></datafield><datafield ind1="0" ind2="0" tag="082"><subfield code="a">071</subfield><subfield code="2">23</subfield></datafield><datafield ind1="0" ind2=" " tag="130"><subfield code="a">United opinion (Bradford, Vt.)</subfield></datafield><datafield ind1=" " ind2="4" tag="222"><subfield code="a">The united opinion</subfield><subfield code="b">(Bradford, Vt. Print)</subfield></datafield><datafield ind1="1" ind2="4" tag="245"><subfield code="a">The united opinion.</subfield></datafield><datafield ind1=" " ind2=" " tag="260"><subfield code="a">Bradford, Vt. :</subfield><subfield code="b">Harry E. Parker</subfield></datafield><datafield ind1=" " ind2=" " tag="300"><subfield code="a">v.</subfield></datafield><datafield ind1=" " ind2=" " tag="310"><subfield code="a">Weekly</subfield></datafield><datafield ind1="1" ind2=" " tag="362"><subfield code="a">Began in 1881.</subfield></datafield><datafield ind1="0" ind2=" " tag="362"><subfield code="a">-New ser., v. 104, no. 26 (June 25, 1970).</subfield></datafield><datafield ind1=" " ind2=" " tag="530"><subfield code="a">Archived issues are available in digital format from the Library of Congress Chronicling America online collection.</subfield></datafield><datafield ind1=" " ind2=" " tag="580"><subfield code="a">Formed by the union of: Bradford opinion, and: Stanton's Bradford opinion.</subfield></datafield><datafield ind1=" " ind2=" " tag="580"><subfield code="a">Merged with: North country journal (Woodsville, N.H.) to form: North country journal-opinion.</subfield></datafield><datafield ind1=" " ind2=" " tag="588"><subfield code="a">Description based on: New ser., vol. 1, no. 9 (Jan. 5, 1882).</subfield></datafield><datafield ind1=" " ind2="0" tag="651"><subfield code="a">Bradford (Vt.)</subfield><subfield code="v">Newspapers.</subfield></datafield><datafield ind1=" " ind2="0" tag="651"><subfield code="a">Orange County (Vt.)</subfield><subfield code="v">Newspapers.</subfield></datafield><datafield ind1=" " ind2="0" tag="651"><subfield code="a">Vermont</subfield><subfield code="v">Newspapers.</subfield></datafield><datafield ind1=" " ind2="7" tag="651"><subfield code="a">Vermont.</subfield><subfield code="2">fast</subfield><subfield code="0">(OCoLC)fst01204305</subfield></datafield><datafield ind1=" " ind2="7" tag="651"><subfield code="a">Vermont</subfield><subfield code="z">Bradford.</subfield><subfield code="2">fast</subfield><subfield code="0">(OCoLC)fst01238062</subfield></datafield><datafield ind1=" " ind2="7" tag="651"><subfield code="a">Vermont</subfield><subfield code="z">Orange County.</subfield><subfield code="2">fast</subfield><subfield code="0">(OCoLC)fst01211985</subfield></datafield><datafield ind1=" " ind2="7" tag="655"><subfield code="a">Newspapers.</subfield><subfield code="2">fast</subfield><subfield code="0">(OCoLC)fst01423814</subfield></datafield><datafield ind1=" " ind2=" " tag="752"><subfield code="a">United States</subfield><subfield code="b">Vermont</subfield><subfield code="c">Orange</subfield><subfield code="d">Bradford.</subfield></datafield><datafield ind1="0" ind2="8" tag="776"><subfield code="i">Online version:</subfield><subfield code="t">United opinion (Bradford, Vt.)</subfield><subfield code="x">2376-8843</subfield><subfield code="w">(DLC)  2014218864</subfield><subfield code="w">(OCoLC)899260838</subfield></datafield><datafield ind1="1" ind2="4" tag="780"><subfield code="t">Bradford opinion</subfield><subfield code="x">2376-8193</subfield><subfield code="w">(DLC)sn 84022553</subfield><subfield code="w">(OCoLC)10470909</subfield></datafield><datafield ind1="1" ind2="4" tag="780"><subfield code="t">Stanton's Bradford opinion</subfield><subfield code="w">(DLC)sn 91063293</subfield><subfield code="w">(OCoLC)24558072</subfield></datafield><datafield ind1="1" ind2="7" tag="785"><subfield code="t">North country journal (Woodsville, N.H.)</subfield><subfield code="w">(DLC)sn 91063291</subfield><subfield code="w">(OCoLC)24558077</subfield></datafield><datafield ind1="1" ind2="7" tag="785"><subfield code="t">North country journal-opinion</subfield><subfield code="w">(DLC)sn 91063292</subfield><subfield code="w">(OCoLC)24558080</subfield></datafield><datafield ind1="4" ind2="1" tag="856"><subfield code="u">http://chroniclingamerica.loc.gov/lccn/sn85038102/issues/</subfield></datafield><datafield ind1="1" ind2=" " tag="029"><subfield code="a">AU@</subfield><subfield code="b">000021487422</subfield></datafield></record>